<?xml version="1.0" encoding="UTF-8"?><collection xmlns="http://www.loc.gov/MARC21/slim"><record><leader>00566nam--2200193-i-4500</leader><controlfield tag="001">000001093</controlfield><controlfield tag="002">20161230</controlfield><controlfield tag="005">20161230201024</controlfield><controlfield tag="008">060222s1000------------r-----000-0-eng-d</controlfield><datafield ind1=" " ind2=" " tag="040"><subfield code="a">IFIN-HH</subfield></datafield><datafield ind1=" " ind2=" " tag="080"><subfield code="a">531(076)</subfield></datafield><datafield ind1="1" ind2=" " tag="100"><subfield code="a">Helmholz, A.Carl</subfield></datafield><datafield ind1="1" ind2="0" tag="245"><subfield code="a">SOLUTIONS MANUAL TO ACCOMPANY. BERKELY PHYSICS COURSE. MECHANICS. Vol. 1</subfield><subfield code="c">A. Carl Helmholz, Burton J. Moyer</subfield></datafield><datafield ind1=" " ind2=" " tag="250"><subfield code="a">Second Edition</subfield></datafield><datafield ind1=" " ind2=" " tag="260"><subfield code="a">New York, Mcgraw-hill Book Company, 1973</subfield></datafield><datafield ind1=" " ind2=" " tag="300"><subfield code="a">V + 144 P</subfield></datafield><datafield ind1="1" ind2=" " tag="700"><subfield code="a">Moyer, Burton J</subfield></datafield><datafield ind1=" " ind2=" " tag="852"><subfield code="a">41959</subfield><subfield code="c">531</subfield></datafield><datafield ind1=" " ind2=" " tag="CAT"><subfield code="a">Sys</subfield><subfield code="c">20100624</subfield><subfield code="h">140342</subfield></datafield></record></collection>